

@inproceedings{kotlyar1997relational,
  title={A relational approach to the compilation of sparse matrix programs},
  author={Kotlyar, Vladimir and Pingali, Keshav and Stodghill, Paul},
  booktitle={Euro-Par'97, European Conference on Parallel Processing},
  note={{Lecture Notes in Computer Science, vol. 1300}},
  pages={318--327},
  year={1997},
  organization={Springer}
}

@article{hughes1989functional,
  title={Why functional programming matters},
  author={Hughes, John},
  journal={The Computer Journal},
  volume={32},
  number={2},
  pages={98--107},
  year={1989},
  publisher={Oxford University Press}
}

